<?xml version="1.0" encoding="UTF-8"?>
<record xmlns="http://www.loc.gov/MARC21/slim">
   <leader>15783cas a2203061 a 4500</leader>
   <controlfield tag="001">435210</controlfield>
   <controlfield tag="008">821210c19629999abcar   r    s1   a0eng d</controlfield>
   <datafield tag="035" ind1=" " ind2=" ">
      <subfield code="a">ocn461760786</subfield>
   </datafield>
   <datafield tag="039" ind1="0" ind2=" ">
      <subfield code="f">rev</subfield>
   </datafield>
   <datafield tag="040" ind1=" " ind2=" ">
      <subfield code="a">AEEN</subfield>
      <subfield code="b">eng</subfield>
   </datafield>
   <datafield tag="043" ind1=" " ind2=" ">
      <subfield code="a">n-cn-ab</subfield>
   </datafield>
   <datafield tag="049" ind1=" " ind2=" ">
      <subfield code="a">aeu</subfield>
      <subfield code="b">eng</subfield>
   </datafield>
   <datafield tag="050" ind1=" " ind2="4">
      <subfield code="a">S 599.1 A3</subfield>
      <subfield code="b">A332</subfield>
   </datafield>
   <datafield tag="090" ind1=" " ind2=" ">
      <subfield code="a">S 599.1 A3 A332</subfield>
      <subfield code="b">AVC</subfield>
   </datafield>
   <datafield tag="090" ind1=" " ind2=" ">
      <subfield code="a">S 590 A333</subfield>
      <subfield code="b">AVEE</subfield>
   </datafield>
   <datafield tag="090" ind1=" " ind2=" ">
      <subfield code="a">S 590 A334</subfield>
      <subfield code="b">AEEN</subfield>
   </datafield>
   <datafield tag="090" ind1=" " ind2=" ">
      <subfield code="a">S 590.2 A4</subfield>
      <subfield code="b">AOAC</subfield>
   </datafield>
   <datafield tag="090" ind1="0" ind2="0">
      <subfield code="a">S 599.1 A3 A332</subfield>
      <subfield code="b">AEU</subfield>
   </datafield>
   <datafield tag="090" ind1=" " ind2=" ">
      <subfield code="a">631.4 Albe</subfield>
      <subfield code="b">AFFC</subfield>
   </datafield>
   <datafield tag="111" ind1="2" ind2="0">
      <subfield code="a">Alberta Soil Science Workshop.</subfield>
   </datafield>
   <datafield tag="240" ind1="0" ind2="0">
      <subfield code="a">Proceedings.</subfield>
   </datafield>
   <datafield tag="245" ind1="0" ind2="0">
      <subfield code="a">Proceedings of the Alberta Soil Science Workshop / 1974</subfield>
   </datafield>
   <datafield tag="247" ind1="1" ind2="0">
      <subfield code="a">Soil science workshop, Alberta</subfield>
   </datafield>
   <datafield tag="247" ind1="1" ind2="0">
      <subfield code="a">Alberta soil science workshop</subfield>
   </datafield>
   <datafield tag="247" ind1="1" ind2="0">
      <subfield code="a">Proceedings of the Alberta soil science workshop</subfield>
   </datafield>
   <datafield tag="247" ind1="1" ind2="0">
      <subfield code="a">Soils workshop</subfield>
   </datafield>
   <datafield tag="247" ind1="1" ind2="0">
      <subfield code="a">Proceedings of the ... annual Alberta soil science workshop</subfield>
   </datafield>
   <datafield tag="247" ind1="1" ind2="0">
      <subfield code="a">Proceedings of the ... Alberta soil science workshop</subfield>
   </datafield>
   <datafield tag="247" ind1="1" ind2="0">
      <subfield code="a">Annual Alberta soil science workshop proceedings</subfield>
   </datafield>
   <datafield tag="260" ind1="0" ind2=" ">
      <subfield code="a">[Edmonton, Alta. :</subfield>
      <subfield code="b">Alberta Agriculture],</subfield>
      <subfield code="c">1962-</subfield>
   </datafield>
   <datafield tag="265" ind1=" " ind2=" ">
      <subfield code="a">Alberta Agriculture, Food &amp; Rural Development, Agronomy Unit, 9th Fl., 6909 - 116 St., Edmonton, AB  T6H 4P2.</subfield>
   </datafield>
   <datafield tag="300" ind1=" " ind2=" ">
      <subfield code="a">v. :</subfield>
      <subfield code="b">ill. ;</subfield>
      <subfield code="c">28 cm.</subfield>
   </datafield>
   <datafield tag="310" ind1=" " ind2=" ">
      <subfield code="a">Annual.</subfield>
   </datafield>
   <datafield tag="362" ind1="0" ind2="0">
      <subfield code="a">1962-1981 ; 19th (1982)-</subfield>
   </datafield>
   <datafield tag="490" ind1="1" ind2=" ">
      <subfield code="a">21st 1984: Farming for the Future</subfield>
   </datafield>
   <datafield tag="500" ind1=" " ind2=" ">
      <subfield code="a">Vols. for 1971-1981 have also a distinctive title: 1971-Nitrogen : soils, crops and the environment; 1972-Land use; 1973-Crop production potential in Alberta; 1974-Scientific input for soil management modelling; 1976-Proceedings of Western Canada nitrogen symposium "hosted by" Alberta Soil Science Workshop; 1977-Soil conservation reclamation &amp; research; 1978-;1979-Effective use of nutrient resources in crop production; Proceedings of the Western Canada phosphate symposium "hosted by" Alberta Soil Science Workshop; 1981-Agricultural land : our disappearing heritage-a symposium; 2001-Phosphorus in our environment; 2004-Soil salinity.</subfield>
   </datafield>
   <datafield tag="550" ind1=" " ind2=" ">
      <subfield code="a">Workshop name changed in 1968 from Soil Science Workshop (Alberta) to Alberta Soil Science Workshop.</subfield>
   </datafield>
   <datafield tag="550" ind1=" " ind2=" ">
      <subfield code="a">Department name changed in 1992 to Alberta Agriculture, Food and Rural Development.</subfield>
   </datafield>
   <datafield tag="590" ind1=" " ind2=" ">
      <subfield code="a">AGL Great West Life*2006 only available on the Web at http://www.soilsworkshop.ab.ca/schedule2006.cfm</subfield>
   </datafield>
   <datafield tag="596" ind1=" " ind2=" ">
      <subfield code="a">4 15 33 38 48 53</subfield>
   </datafield>
   <datafield tag="650" ind1=" " ind2="0">
      <subfield code="a">Soil science</subfield>
      <subfield code="v">Congresses.</subfield>
   </datafield>
   <datafield tag="650" ind1=" " ind2="0">
      <subfield code="a">Soils</subfield>
      <subfield code="z">Alberta</subfield>
      <subfield code="v">Congresses.</subfield>
   </datafield>
   <datafield tag="650" ind1=" " ind2="0">
      <subfield code="a">Soils</subfield>
      <subfield code="x">Research</subfield>
      <subfield code="z">Alberta</subfield>
      <subfield code="v">Congresses.</subfield>
   </datafield>
   <datafield tag="650" ind1=" " ind2="0">
      <subfield code="a">Soils</subfield>
      <subfield code="x">Nitrogen content</subfield>
      <subfield code="v">Congresses.</subfield>
   </datafield>
   <datafield tag="650" ind1=" " ind2="0">
      <subfield code="a">Nitrogen</subfield>
      <subfield code="x">Fixation</subfield>
      <subfield code="v">Congresses.</subfield>
   </datafield>
   <datafield tag="650" ind1=" " ind2="0">
      <subfield code="a">Nitrogen fertilizers</subfield>
      <subfield code="v">Congresses.</subfield>
   </datafield>
   <datafield tag="650" ind1=" " ind2="0">
      <subfield code="a">Soil microbiology</subfield>
      <subfield code="v">Congresses.</subfield>
   </datafield>
   <datafield tag="650" ind1=" " ind2="0">
      <subfield code="a">Soil acidity</subfield>
      <subfield code="v">Congresses.</subfield>
   </datafield>
   <datafield tag="650" ind1=" " ind2="0">
      <subfield code="a">Soil erosion</subfield>
      <subfield code="v">Congresses.</subfield>
   </datafield>
   <datafield tag="650" ind1=" " ind2="0">
      <subfield code="a">Soils, Salts in</subfield>
      <subfield code="v">Congresses.</subfield>
   </datafield>
   <datafield tag="650" ind1=" " ind2="0">
      <subfield code="a">Soil management</subfield>
      <subfield code="v">Congresses.</subfield>
   </datafield>
   <datafield tag="711" ind1="2" ind2="0">
      <subfield code="a">Soil Science Workshop</subfield>
      <subfield code="c">(Alberta)</subfield>
   </datafield>
   <datafield tag="711" ind1="2" ind2="0">
      <subfield code="a">Western Canada Nitrogen Symposium</subfield>
      <subfield code="d">(1976 :</subfield>
      <subfield code="c">Calgary, Alta.)</subfield>
   </datafield>
   <datafield tag="711" ind1="2" ind2="0">
      <subfield code="a">Western Canada Phosphate Symposium</subfield>
      <subfield code="d">(1980 :</subfield>
      <subfield code="c">Calgary, Alta.)</subfield>
   </datafield>
   <datafield tag="740" ind1="0" ind2="0">
      <subfield code="a">Nitrogen : soils, crops and the environment.</subfield>
   </datafield>
   <datafield tag="740" ind1="0" ind2="0">
      <subfield code="a">Land use.</subfield>
   </datafield>
   <datafield tag="740" ind1="0" ind2="0">
      <subfield code="a">Crop production potential in Alberta.</subfield>
   </datafield>
   <datafield tag="740" ind1="0" ind2="0">
      <subfield code="a">Scientific input for soil management modelling.</subfield>
   </datafield>
   <datafield tag="740" ind1="0" ind2="0">
      <subfield code="a">Proceedings of Western Canada nitrogen symposium.</subfield>
   </datafield>
   <datafield tag="740" ind1="0" ind2="0">
      <subfield code="a">Soil conservation reclamation &amp; research.</subfield>
   </datafield>
   <datafield tag="740" ind1="0" ind2="0">
      <subfield code="a">Effective use of nutrient resources in crop production.</subfield>
   </datafield>
   <datafield tag="740" ind1="0" ind2="0">
      <subfield code="a">Proceedings of the Western Canada phosphate symposium.</subfield>
   </datafield>
   <datafield tag="740" ind1="0" ind2="0">
      <subfield code="a">Agricultural land : our disappearing heritage-a symposium.</subfield>
   </datafield>
   <datafield tag="740" ind1="0" ind2="0">
      <subfield code="a">Soil science : its role in reclamation and its practical application in assessing capability.</subfield>
   </datafield>
   <datafield tag="740" ind1="0" ind2="0">
      <subfield code="a">Phosphorus in our environment</subfield>
   </datafield>
   <datafield tag="740" ind1="0" ind2="0">
      <subfield code="a">Proceedings of western Canada nitrogen symposium</subfield>
   </datafield>
   <datafield tag="740" ind1="0" ind2="0">
      <subfield code="a">Proceedings of the 18th annual Alberta Soil Science Workshop featuring a symposium on land degradation</subfield>
   </datafield>
   <datafield tag="740" ind1="0" ind2="0">
      <subfield code="a">Nitrogen symposium.</subfield>
   </datafield>
   <datafield tag="740" ind1="0" ind2="0">
      <subfield code="a">Making the most of nitrogen.</subfield>
   </datafield>
   <datafield tag="740" ind1="0" ind2="0">
      <subfield code="a">Soil salinity.</subfield>
   </datafield>
   <datafield tag="830" ind1=" " ind2="0">
      <subfield code="a">Farming for the Future (Project) (Series) ;</subfield>
      <subfield code="v">no. 78-0247</subfield>
   </datafield>
   <datafield tag="926" ind1=" " ind2=" ">
      <subfield code="a">AGL_GWL</subfield>
      <subfield code="b">FIELD_CROP</subfield>
      <subfield code="c">S 590 A14 1979</subfield>
      <subfield code="d">LOCAL_LOAN</subfield>
      <subfield code="f">2</subfield>
   </datafield>
   <datafield tag="926" ind1=" " ind2=" ">
      <subfield code="a">AGL_GWL</subfield>
      <subfield code="b">ON_SHELF</subfield>
      <subfield code="c">S 590 A334 1962</subfield>
      <subfield code="d">BOOK</subfield>
      <subfield code="f">1</subfield>
   </datafield>
   <datafield tag="926" ind1=" " ind2=" ">
      <subfield code="a">AGL_GWL</subfield>
      <subfield code="b">ON_SHELF</subfield>
      <subfield code="c">S 590 A334 1963</subfield>
      <subfield code="d">BOOK</subfield>
      <subfield code="f">1</subfield>
   </datafield>
   <datafield tag="926" ind1=" " ind2=" ">
      <subfield code="a">AGL_GWL</subfield>
      <subfield code="b">ON_SHELF</subfield>
      <subfield code="c">S 590 A334 1964</subfield>
      <subfield code="d">BOOK</subfield>
      <subfield code="f">1</subfield>
   </datafield>
   <datafield tag="926" ind1=" " ind2=" ">
      <subfield code="a">AGL_GWL</subfield>
      <subfield code="b">ON_SHELF</subfield>
      <subfield code="c">S 590 A334 1965</subfield>
      <subfield code="d">BOOK</subfield>
      <subfield code="f">1</subfield>
   </datafield>
   <datafield tag="926" ind1=" " ind2=" ">
      <subfield code="a">AGL_GWL</subfield>
      <subfield code="b">ON_SHELF</subfield>
      <subfield code="c">S 590 A334 1966</subfield>
      <subfield code="d">BOOK</subfield>
      <subfield code="f">1</subfield>
   </datafield>
   <datafield tag="926" ind1=" " ind2=" ">
      <subfield code="a">AGL_GWL</subfield>
      <subfield code="b">ON_SHELF</subfield>
      <subfield code="c">S 590 A334 1967</subfield>
      <subfield code="d">BOOK</subfield>
      <subfield code="f">1</subfield>
   </datafield>
   <datafield tag="926" ind1=" " ind2=" ">
      <subfield code="a">AGL_GWL</subfield>
      <subfield code="b">ON_SHELF</subfield>
      <subfield code="c">S 590 A334 1968</subfield>
      <subfield code="d">BOOK</subfield>
      <subfield code="f">1</subfield>
   </datafield>
   <datafield tag="926" ind1=" " ind2=" ">
      <subfield code="a">AGL_GWL</subfield>
      <subfield code="b">ON_SHELF</subfield>
      <subfield code="c">S 590 A334 1969</subfield>
      <subfield code="d">BOOK</subfield>
      <subfield code="f">1</subfield>
   </datafield>
   <datafield tag="926" ind1=" " ind2=" ">
      <subfield code="a">AGL_GWL</subfield>
      <subfield code="b">ON_SHELF</subfield>
      <subfield code="c">S 590 A334 1970</subfield>
      <subfield code="d">BOOK</subfield>
      <subfield code="f">1</subfield>
   </datafield>
   <datafield tag="926" ind1=" " ind2=" ">
      <subfield code="a">AGL_GWL</subfield>
      <subfield code="b">ON_SHELF</subfield>
      <subfield code="c">S 590 A334 1971</subfield>
      <subfield code="d">BOOK</subfield>
      <subfield code="f">1</subfield>
   </datafield>
   <datafield tag="926" ind1=" " ind2=" ">
      <subfield code="a">AGL_GWL</subfield>
      <subfield code="b">ON_SHELF</subfield>
      <subfield code="c">S 590 A334 1972</subfield>
      <subfield code="d">BOOK</subfield>
      <subfield code="f">1</subfield>
   </datafield>
   <datafield tag="926" ind1=" " ind2=" ">
      <subfield code="a">AGL_GWL</subfield>
      <subfield code="b">ON_SHELF</subfield>
      <subfield code="c">S 590 A334 1973</subfield>
      <subfield code="d">BOOK</subfield>
      <subfield code="f">1</subfield>
   </datafield>
   <datafield tag="926" ind1=" " ind2=" ">
      <subfield code="a">AGL_GWL</subfield>
      <subfield code="b">ON_SHELF</subfield>
      <subfield code="c">S 590 A334 1974</subfield>
      <subfield code="d">BOOK</subfield>
      <subfield code="f">1</subfield>
   </datafield>
   <datafield tag="926" ind1=" " ind2=" ">
      <subfield code="a">AGL_GWL</subfield>
      <subfield code="b">CDC_SOUTH</subfield>
      <subfield code="c">S 590 A334 1976</subfield>
      <subfield code="d">LOCAL_LOAN</subfield>
      <subfield code="f">3</subfield>
   </datafield>
   <datafield tag="926" ind1=" " ind2=" ">
      <subfield code="a">AGL_GWL</subfield>
      <subfield code="b">ON_SHELF</subfield>
      <subfield code="c">S 590 A334 1977</subfield>
      <subfield code="d">BOOK</subfield>
      <subfield code="f">1</subfield>
   </datafield>
   <datafield tag="926" ind1=" " ind2=" ">
      <subfield code="a">AGL_GWL</subfield>
      <subfield code="b">ON_SHELF</subfield>
      <subfield code="c">S 590 A334 1979</subfield>
      <subfield code="d">BOOK</subfield>
      <subfield code="f">1</subfield>
   </datafield>
   <datafield tag="926" ind1=" " ind2=" ">
      <subfield code="a">AGL_GWL</subfield>
      <subfield code="b">ON_SHELF</subfield>
      <subfield code="c">S 590 A334 1980</subfield>
      <subfield code="d">BOOK</subfield>
      <subfield code="f">1</subfield>
   </datafield>
   <datafield tag="926" ind1=" " ind2=" ">
      <subfield code="a">AGL_GWL</subfield>
      <subfield code="b">ON_SHELF</subfield>
      <subfield code="c">S 590 A334 1981</subfield>
      <subfield code="d">BOOK</subfield>
      <subfield code="f">1</subfield>
   </datafield>
   <datafield tag="926" ind1=" " ind2=" ">
      <subfield code="a">AGL_GWL</subfield>
      <subfield code="b">ON_SHELF</subfield>
      <subfield code="c">S 590 A334 1982</subfield>
      <subfield code="d">BOOK</subfield>
      <subfield code="f">1</subfield>
   </datafield>
   <datafield tag="926" ind1=" " ind2=" ">
      <subfield code="a">AGL_GWL</subfield>
      <subfield code="b">ON_SHELF</subfield>
      <subfield code="c">S 590 A334 1983</subfield>
      <subfield code="d">BOOK</subfield>
      <subfield code="f">1</subfield>
   </datafield>
   <datafield tag="926" ind1=" " ind2=" ">
      <subfield code="a">AGL_GWL</subfield>
      <subfield code="b">ON_SHELF</subfield>
      <subfield code="c">S 590 A334 1984</subfield>
      <subfield code="d">BOOK</subfield>
      <subfield code="f">1</subfield>
   </datafield>
   <datafield tag="926" ind1=" " ind2=" ">
      <subfield code="a">AGL_GWL</subfield>
      <subfield code="b">ON_SHELF</subfield>
      <subfield code="c">S 590 A334 1985</subfield>
      <subfield code="d">BOOK</subfield>
      <subfield code="f">1</subfield>
   </datafield>
   <datafield tag="926" ind1=" " ind2=" ">
      <subfield code="a">AGL_GWL</subfield>
      <subfield code="b">ON_SHELF</subfield>
      <subfield code="c">S 590 A334 1986</subfield>
      <subfield code="d">BOOK</subfield>
      <subfield code="f">1</subfield>
   </datafield>
   <datafield tag="926" ind1=" " ind2=" ">
      <subfield code="a">AGL_GWL</subfield>
      <subfield code="b">FIELD_CROP</subfield>
      <subfield code="c">S 590 A334 1986</subfield>
      <subfield code="d">LOCAL_LOAN</subfield>
      <subfield code="f">2</subfield>
   </datafield>
   <datafield tag="926" ind1=" " ind2=" ">
      <subfield code="a">AGL_GWL</subfield>
      <subfield code="b">ON_SHELF</subfield>
      <subfield code="c">S 590 A334 1987</subfield>
      <subfield code="d">BOOK</subfield>
      <subfield code="f">1</subfield>
   </datafield>
   <datafield tag="926" ind1=" " ind2=" ">
      <subfield code="a">AGL_GWL</subfield>
      <subfield code="b">ON_SHELF</subfield>
      <subfield code="c">S 590 A334 1988</subfield>
      <subfield code="d">BOOK</subfield>
      <subfield code="f">1</subfield>
   </datafield>
   <datafield tag="926" ind1=" " ind2=" ">
      <subfield code="a">AGL_GWL</subfield>
      <subfield code="b">ON_SHELF</subfield>
      <subfield code="c">S 590 A334 1989</subfield>
      <subfield code="d">BOOK</subfield>
      <subfield code="f">1</subfield>
   </datafield>
   <datafield tag="926" ind1=" " ind2=" ">
      <subfield code="a">AGL_GWL</subfield>
      <subfield code="b">ON_SHELF</subfield>
      <subfield code="c">S 590 A334 1990</subfield>
      <subfield code="d">BOOK</subfield>
      <subfield code="f">1</subfield>
   </datafield>
   <datafield tag="926" ind1=" " ind2=" ">
      <subfield code="a">AGL_GWL</subfield>
      <subfield code="b">ON_SHELF</subfield>
      <subfield code="c">S 590 A334 1991</subfield>
      <subfield code="d">BOOK</subfield>
      <subfield code="f">1</subfield>
   </datafield>
   <datafield tag="926" ind1=" " ind2=" ">
      <subfield code="a">AGL_GWL</subfield>
      <subfield code="b">ON_SHELF</subfield>
      <subfield code="c">S 590 A334 1992</subfield>
      <subfield code="d">BOOK</subfield>
      <subfield code="f">1</subfield>
   </datafield>
   <datafield tag="926" ind1=" " ind2=" ">
      <subfield code="a">AGL_GWL</subfield>
      <subfield code="b">ON_SHELF</subfield>
      <subfield code="c">S 590 A334 1993</subfield>
      <subfield code="d">BOOK</subfield>
      <subfield code="f">1</subfield>
   </datafield>
   <datafield tag="926" ind1=" " ind2=" ">
      <subfield code="a">AGL_GWL</subfield>
      <subfield code="b">ON_SHELF</subfield>
      <subfield code="c">S 590 A334 1994</subfield>
      <subfield code="d">BOOK</subfield>
      <subfield code="f">1</subfield>
   </datafield>
   <datafield tag="926" ind1=" " ind2=" ">
      <subfield code="a">AGL_GWL</subfield>
      <subfield code="b">ON_SHELF</subfield>
      <subfield code="c">S 590 A334 1995</subfield>
      <subfield code="d">BOOK</subfield>
      <subfield code="f">1</subfield>
   </datafield>
   <datafield tag="926" ind1=" " ind2=" ">
      <subfield code="a">AGL_GWL</subfield>
      <subfield code="b">ON_SHELF</subfield>
      <subfield code="c">S 590 A334 1996</subfield>
      <subfield code="d">BOOK</subfield>
      <subfield code="f">1</subfield>
   </datafield>
   <datafield tag="926" ind1=" " ind2=" ">
      <subfield code="a">AGL_GWL</subfield>
      <subfield code="b">ON_SHELF</subfield>
      <subfield code="c">S 590 A334 1997</subfield>
      <subfield code="d">BOOK</subfield>
      <subfield code="f">1</subfield>
   </datafield>
   <datafield tag="926" ind1=" " ind2=" ">
      <subfield code="a">AGL_GWL</subfield>
      <subfield code="b">ON_SHELF</subfield>
      <subfield code="c">S 590 A334 1998</subfield>
      <subfield code="d">BOOK</subfield>
      <subfield code="f">1</subfield>
   </datafield>
   <datafield tag="926" ind1=" " ind2=" ">
      <subfield code="a">AGL_GWL</subfield>
      <subfield code="b">ON_SHELF</subfield>
      <subfield code="c">S 590 A334 1999</subfield>
      <subfield code="d">BOOK</subfield>
      <subfield code="f">1</subfield>
   </datafield>
   <datafield tag="926" ind1=" " ind2=" ">
      <subfield code="a">AGL_GWL</subfield>
      <subfield code="b">ON_SHELF</subfield>
      <subfield code="c">S 590 A334 2000</subfield>
      <subfield code="d">BOOK</subfield>
      <subfield code="f">1</subfield>
   </datafield>
   <datafield tag="926" ind1=" " ind2=" ">
      <subfield code="a">AGL_GWL</subfield>
      <subfield code="b">ON_SHELF</subfield>
      <subfield code="c">S 590 A334 2001</subfield>
      <subfield code="d">BOOK</subfield>
      <subfield code="f">1</subfield>
   </datafield>
   <datafield tag="926" ind1=" " ind2=" ">
      <subfield code="a">AGL_GWL</subfield>
      <subfield code="b">ON_SHELF</subfield>
      <subfield code="c">S 590 A334 2002</subfield>
      <subfield code="d">BOOK</subfield>
      <subfield code="f">1</subfield>
   </datafield>
   <datafield tag="926" ind1=" " ind2=" ">
      <subfield code="a">AGL_GWL</subfield>
      <subfield code="b">ON_SHELF</subfield>
      <subfield code="c">S 590 A334 2003</subfield>
      <subfield code="d">BOOK</subfield>
      <subfield code="f">1</subfield>
   </datafield>
   <datafield tag="926" ind1=" " ind2=" ">
      <subfield code="a">AGL_GWL</subfield>
      <subfield code="b">ON_SHELF</subfield>
      <subfield code="c">S 590 A334 2004</subfield>
      <subfield code="d">BOOK</subfield>
      <subfield code="f">1</subfield>
   </datafield>
   <datafield tag="926" ind1=" " ind2=" ">
      <subfield code="a">AGL_GWL</subfield>
      <subfield code="b">ON_SHELF</subfield>
      <subfield code="c">S 590 A334 2005</subfield>
      <subfield code="d">BOOK</subfield>
      <subfield code="f">1</subfield>
   </datafield>
   <datafield tag="926" ind1=" " ind2=" ">
      <subfield code="a">AGL_GWL</subfield>
      <subfield code="b">ON_SHELF</subfield>
      <subfield code="c">S 590 A334 2005 Add.</subfield>
      <subfield code="d">BOOK</subfield>
      <subfield code="f">1</subfield>
   </datafield>
   <datafield tag="926" ind1=" " ind2=" ">
      <subfield code="a">AGL_GWL</subfield>
      <subfield code="b">ON_SHELF</subfield>
      <subfield code="c">S 590 A334 2007</subfield>
      <subfield code="d">BOOK</subfield>
      <subfield code="f">1</subfield>
   </datafield>
   <datafield tag="926" ind1=" " ind2=" ">
      <subfield code="a">AITF_VEG</subfield>
      <subfield code="b">ON_SHELF</subfield>
      <subfield code="c">S 590 A333 18th 1981</subfield>
      <subfield code="d">BOOK</subfield>
      <subfield code="f">1</subfield>
   </datafield>
   <datafield tag="926" ind1=" " ind2=" ">
      <subfield code="a">AITF_VEG</subfield>
      <subfield code="b">ON_SHELF</subfield>
      <subfield code="c">S 590 A333 19th 1982</subfield>
      <subfield code="d">BOOK</subfield>
      <subfield code="f">1</subfield>
   </datafield>
   <datafield tag="926" ind1=" " ind2=" ">
      <subfield code="a">AITF_VEG</subfield>
      <subfield code="b">ON_SHELF</subfield>
      <subfield code="c">S 590 A333 20th 1983</subfield>
      <subfield code="d">BOOK</subfield>
      <subfield code="f">1</subfield>
   </datafield>
   <datafield tag="926" ind1=" " ind2=" ">
      <subfield code="a">AITF_VEG</subfield>
      <subfield code="b">ON_SHELF</subfield>
      <subfield code="c">S 590 A333 21st 1984</subfield>
      <subfield code="d">BOOK</subfield>
      <subfield code="f">1</subfield>
   </datafield>
   <datafield tag="926" ind1=" " ind2=" ">
      <subfield code="a">AITF_VEG</subfield>
      <subfield code="b">ON_SHELF</subfield>
      <subfield code="c">S 590 A333 22nd 1985</subfield>
      <subfield code="d">BOOK</subfield>
      <subfield code="f">1</subfield>
   </datafield>
   <datafield tag="926" ind1=" " ind2=" ">
      <subfield code="a">AITF_VEG</subfield>
      <subfield code="b">ON_SHELF</subfield>
      <subfield code="c">S 590 A333 23rd 1986</subfield>
      <subfield code="d">BOOK</subfield>
      <subfield code="f">1</subfield>
   </datafield>
   <datafield tag="926" ind1=" " ind2=" ">
      <subfield code="a">AITF_VEG</subfield>
      <subfield code="b">ON_SHELF</subfield>
      <subfield code="c">S 590 A333 24th 1987</subfield>
      <subfield code="d">BOOK</subfield>
      <subfield code="f">1</subfield>
   </datafield>
   <datafield tag="926" ind1=" " ind2=" ">
      <subfield code="a">AITF_VEG</subfield>
      <subfield code="b">ON_SHELF</subfield>
      <subfield code="c">S 590 A333 25th 1988</subfield>
      <subfield code="d">BOOK</subfield>
      <subfield code="f">1</subfield>
   </datafield>
   <datafield tag="926" ind1=" " ind2=" ">
      <subfield code="a">AITF_VEG</subfield>
      <subfield code="b">ON_SHELF</subfield>
      <subfield code="c">S 590 A333 26th 1989</subfield>
      <subfield code="d">BOOK</subfield>
      <subfield code="f">1</subfield>
   </datafield>
   <datafield tag="926" ind1=" " ind2=" ">
      <subfield code="a">AITF_VEG</subfield>
      <subfield code="b">ON_SHELF</subfield>
      <subfield code="c">S 590 A333 27th 1990</subfield>
      <subfield code="d">BOOK</subfield>
      <subfield code="f">1</subfield>
   </datafield>
   <datafield tag="926" ind1=" " ind2=" ">
      <subfield code="a">AITF_VEG</subfield>
      <subfield code="b">ON_SHELF</subfield>
      <subfield code="c">S 590 A333 28th 1991</subfield>
      <subfield code="d">BOOK</subfield>
      <subfield code="f">1</subfield>
   </datafield>
   <datafield tag="926" ind1=" " ind2=" ">
      <subfield code="a">AITF_VEG</subfield>
      <subfield code="b">ON_SHELF</subfield>
      <subfield code="c">S 590 A333 29th 1992</subfield>
      <subfield code="d">BOOK</subfield>
      <subfield code="f">1</subfield>
   </datafield>
   <datafield tag="926" ind1=" " ind2=" ">
      <subfield code="a">AITF_VEG</subfield>
      <subfield code="b">ON_SHELF</subfield>
      <subfield code="c">S 590 A333 31st 1994</subfield>
      <subfield code="d">BOOK</subfield>
      <subfield code="f">1</subfield>
   </datafield>
   <datafield tag="926" ind1=" " ind2=" ">
      <subfield code="a">AITF_VEG</subfield>
      <subfield code="b">ON_SHELF</subfield>
      <subfield code="c">S 590 A333 32nd 1995</subfield>
      <subfield code="d">BOOK</subfield>
      <subfield code="f">1</subfield>
   </datafield>
   <datafield tag="926" ind1=" " ind2=" ">
      <subfield code="a">AITF_VEG</subfield>
      <subfield code="b">ON_SHELF</subfield>
      <subfield code="c">S 590 A333 33rd 1996</subfield>
      <subfield code="d">BOOK</subfield>
      <subfield code="f">1</subfield>
   </datafield>
   <datafield tag="926" ind1=" " ind2=" ">
      <subfield code="a">AITF_VEG</subfield>
      <subfield code="b">ON_SHELF</subfield>
      <subfield code="c">S 590 A333 34th 1997</subfield>
      <subfield code="d">BOOK</subfield>
      <subfield code="f">1</subfield>
   </datafield>
   <datafield tag="926" ind1=" " ind2=" ">
      <subfield code="a">AITF_VEG</subfield>
      <subfield code="b">ON_SHELF</subfield>
      <subfield code="c">S 590 A333 35th 1998</subfield>
      <subfield code="d">BOOK</subfield>
      <subfield code="f">1</subfield>
   </datafield>
   <datafield tag="926" ind1=" " ind2=" ">
      <subfield code="a">AITF_VEG</subfield>
      <subfield code="b">ON_SHELF</subfield>
      <subfield code="c">S 590 A333 36th 1999</subfield>
      <subfield code="d">BOOK</subfield>
      <subfield code="f">1</subfield>
   </datafield>
   <datafield tag="926" ind1=" " ind2=" ">
      <subfield code="a">AITF_VEG</subfield>
      <subfield code="b">ON_SHELF</subfield>
      <subfield code="c">S 590 A333 37th 2000</subfield>
      <subfield code="d">BOOK</subfield>
      <subfield code="f">1</subfield>
   </datafield>
   <datafield tag="926" ind1=" " ind2=" ">
      <subfield code="a">AITF_VEG</subfield>
      <subfield code="b">ON_SHELF</subfield>
      <subfield code="c">S 590 A333 1976</subfield>
      <subfield code="d">BOOK</subfield>
      <subfield code="f">1</subfield>
   </datafield>
   <datafield tag="926" ind1=" " ind2=" ">
      <subfield code="a">OLDS</subfield>
      <subfield code="b">ON_SHELF</subfield>
      <subfield code="c">S 590.2 A4 1964</subfield>
      <subfield code="d">BOOK</subfield>
      <subfield code="f">1</subfield>
   </datafield>
   <datafield tag="926" ind1=" " ind2=" ">
      <subfield code="a">OLDS</subfield>
      <subfield code="b">ON_SHELF</subfield>
      <subfield code="c">S 590.2 A4 1965</subfield>
      <subfield code="d">BOOK</subfield>
      <subfield code="f">1</subfield>
   </datafield>
   <datafield tag="926" ind1=" " ind2=" ">
      <subfield code="a">OLDS</subfield>
      <subfield code="b">ON_SHELF</subfield>
      <subfield code="c">S 590.2 A4 1966</subfield>
      <subfield code="d">BOOK</subfield>
      <subfield code="f">1</subfield>
   </datafield>
   <datafield tag="926" ind1=" " ind2=" ">
      <subfield code="a">OLDS</subfield>
      <subfield code="b">ON_SHELF</subfield>
      <subfield code="c">S 590.2 A4 1967</subfield>
      <subfield code="d">BOOK</subfield>
      <subfield code="f">1</subfield>
   </datafield>
   <datafield tag="926" ind1=" " ind2=" ">
      <subfield code="a">OLDS</subfield>
      <subfield code="b">ON_SHELF</subfield>
      <subfield code="c">S 590.2 A4 1968</subfield>
      <subfield code="d">BOOK</subfield>
      <subfield code="f">1</subfield>
   </datafield>
   <datafield tag="926" ind1=" " ind2=" ">
      <subfield code="a">OLDS</subfield>
      <subfield code="b">ON_SHELF</subfield>
      <subfield code="c">S 590.2 A4 1970</subfield>
      <subfield code="d">BOOK</subfield>
      <subfield code="f">1</subfield>
   </datafield>
   <datafield tag="926" ind1=" " ind2=" ">
      <subfield code="a">OLDS</subfield>
      <subfield code="b">ON_SHELF</subfield>
      <subfield code="c">S 590.2 A4 1971</subfield>
      <subfield code="d">BOOK</subfield>
      <subfield code="f">1</subfield>
   </datafield>
   <datafield tag="926" ind1=" " ind2=" ">
      <subfield code="a">OLDS</subfield>
      <subfield code="b">ON_SHELF</subfield>
      <subfield code="c">S 590.2 A4 1972</subfield>
      <subfield code="d">BOOK</subfield>
      <subfield code="f">1</subfield>
   </datafield>
   <datafield tag="926" ind1=" " ind2=" ">
      <subfield code="a">OLDS</subfield>
      <subfield code="b">ON_SHELF</subfield>
      <subfield code="c">S 590.2 A4 1973</subfield>
      <subfield code="d">BOOK</subfield>
      <subfield code="f">1</subfield>
   </datafield>
   <datafield tag="926" ind1=" " ind2=" ">
      <subfield code="a">OLDS</subfield>
      <subfield code="b">ON_SHELF</subfield>
      <subfield code="c">S 590.2 A4 1974</subfield>
      <subfield code="d">BOOK</subfield>
      <subfield code="f">1</subfield>
   </datafield>
   <datafield tag="926" ind1=" " ind2=" ">
      <subfield code="a">OLDS</subfield>
      <subfield code="b">ON_SHELF</subfield>
      <subfield code="c">S 590.2 A4 1976</subfield>
      <subfield code="d">BOOK</subfield>
      <subfield code="f">1</subfield>
   </datafield>
   <datafield tag="926" ind1=" " ind2=" ">
      <subfield code="a">OLDS</subfield>
      <subfield code="b">ON_SHELF</subfield>
      <subfield code="c">S 590.2 A4 1977</subfield>
      <subfield code="d">BOOK</subfield>
      <subfield code="f">1</subfield>
   </datafield>
   <datafield tag="926" ind1=" " ind2=" ">
      <subfield code="a">OLDS</subfield>
      <subfield code="b">ON_SHELF</subfield>
      <subfield code="c">S 590.2 A4 1979</subfield>
      <subfield code="d">BOOK</subfield>
      <subfield code="f">1</subfield>
   </datafield>
   <datafield tag="926" ind1=" " ind2=" ">
      <subfield code="a">OLDS</subfield>
      <subfield code="b">ON_SHELF</subfield>
      <subfield code="c">S 590.2 A4 1980</subfield>
      <subfield code="d">BOOK</subfield>
      <subfield code="f">1</subfield>
   </datafield>
   <datafield tag="926" ind1=" " ind2=" ">
      <subfield code="a">OLDS</subfield>
      <subfield code="b">ON_SHELF</subfield>
      <subfield code="c">S 590.2 A4 1981</subfield>
      <subfield code="d">BOOK</subfield>
      <subfield code="f">1</subfield>
   </datafield>
   <datafield tag="926" ind1=" " ind2=" ">
      <subfield code="a">OLDS</subfield>
      <subfield code="b">ON_SHELF</subfield>
      <subfield code="c">S 590.2 A4 1982</subfield>
      <subfield code="d">BOOK</subfield>
      <subfield code="f">1</subfield>
   </datafield>
   <datafield tag="926" ind1=" " ind2=" ">
      <subfield code="a">OLDS</subfield>
      <subfield code="b">ON_SHELF</subfield>
      <subfield code="c">S 590.2 A4 1983</subfield>
      <subfield code="d">BOOK</subfield>
      <subfield code="f">1</subfield>
   </datafield>
   <datafield tag="926" ind1=" " ind2=" ">
      <subfield code="a">OLDS</subfield>
      <subfield code="b">ON_SHELF</subfield>
      <subfield code="c">S 590.2 A4 1984</subfield>
      <subfield code="d">BOOK</subfield>
      <subfield code="f">1</subfield>
   </datafield>
   <datafield tag="926" ind1=" " ind2=" ">
      <subfield code="a">OLDS</subfield>
      <subfield code="b">ON_SHELF</subfield>
      <subfield code="c">S 590.2 A4 1985</subfield>
      <subfield code="d">BOOK</subfield>
      <subfield code="f">1</subfield>
   </datafield>
   <datafield tag="926" ind1=" " ind2=" ">
      <subfield code="a">OLDS</subfield>
      <subfield code="b">ON_SHELF</subfield>
      <subfield code="c">S 590.2 A4 1986</subfield>
      <subfield code="d">BOOK</subfield>
      <subfield code="f">1</subfield>
   </datafield>
   <datafield tag="926" ind1=" " ind2=" ">
      <subfield code="a">OLDS</subfield>
      <subfield code="b">ON_SHELF</subfield>
      <subfield code="c">S 590.2 A4 1987</subfield>
      <subfield code="d">BOOK</subfield>
      <subfield code="f">1</subfield>
   </datafield>
   <datafield tag="926" ind1=" " ind2=" ">
      <subfield code="a">OLDS</subfield>
      <subfield code="b">ON_SHELF</subfield>
      <subfield code="c">S 590.2 A4 1988</subfield>
      <subfield code="d">BOOK</subfield>
      <subfield code="f">1</subfield>
   </datafield>
   <datafield tag="926" ind1=" " ind2=" ">
      <subfield code="a">OLDS</subfield>
      <subfield code="b">ON_SHELF</subfield>
      <subfield code="c">S 590.2 A4 1989</subfield>
      <subfield code="d">BOOK</subfield>
      <subfield code="f">1</subfield>
   </datafield>
   <datafield tag="926" ind1=" " ind2=" ">
      <subfield code="a">OLDS</subfield>
      <subfield code="b">ON_SHELF</subfield>
      <subfield code="c">S 590.2 A4 1990</subfield>
      <subfield code="d">BOOK</subfield>
      <subfield code="f">1</subfield>
   </datafield>
   <datafield tag="926" ind1=" " ind2=" ">
      <subfield code="a">OLDS</subfield>
      <subfield code="b">ON_SHELF</subfield>
      <subfield code="c">S 590.2 A4 1991</subfield>
      <subfield code="d">BOOK</subfield>
      <subfield code="f">1</subfield>
   </datafield>
   <datafield tag="926" ind1=" " ind2=" ">
      <subfield code="a">OLDS</subfield>
      <subfield code="b">ON_SHELF</subfield>
      <subfield code="c">S 590.2 A4 1992</subfield>
      <subfield code="d">BOOK</subfield>
      <subfield code="f">2</subfield>
   </datafield>
   <datafield tag="926" ind1=" " ind2=" ">
      <subfield code="a">OLDS</subfield>
      <subfield code="b">ON_SHELF</subfield>
      <subfield code="c">S 590.2 A4 1993</subfield>
      <subfield code="d">BOOK</subfield>
      <subfield code="f">1</subfield>
   </datafield>
   <datafield tag="926" ind1=" " ind2=" ">
      <subfield code="a">OLDS</subfield>
      <subfield code="b">ON_SHELF</subfield>
      <subfield code="c">S 590.2 A4 1994</subfield>
      <subfield code="d">BOOK</subfield>
      <subfield code="f">1</subfield>
   </datafield>
   <datafield tag="926" ind1=" " ind2=" ">
      <subfield code="a">OLDS</subfield>
      <subfield code="b">ON_SHELF</subfield>
      <subfield code="c">S 590.2 A4 1995</subfield>
      <subfield code="d">BOOK</subfield>
      <subfield code="f">1</subfield>
   </datafield>
   <datafield tag="926" ind1=" " ind2=" ">
      <subfield code="a">OLDS</subfield>
      <subfield code="b">ON_SHELF</subfield>
      <subfield code="c">S 590.2 A4 1996</subfield>
      <subfield code="d">BOOK</subfield>
      <subfield code="f">1</subfield>
   </datafield>
   <datafield tag="926" ind1=" " ind2=" ">
      <subfield code="a">OLDS</subfield>
      <subfield code="b">ON_SHELF</subfield>
      <subfield code="c">S 590.2 A4 1997</subfield>
      <subfield code="d">BOOK</subfield>
      <subfield code="f">1</subfield>
   </datafield>
   <datafield tag="926" ind1=" " ind2=" ">
      <subfield code="a">OLDS</subfield>
      <subfield code="b">ON_SHELF</subfield>
      <subfield code="c">S 590.2 A4 1998</subfield>
      <subfield code="d">BOOK</subfield>
      <subfield code="f">1</subfield>
   </datafield>
   <datafield tag="926" ind1=" " ind2=" ">
      <subfield code="a">OLDS</subfield>
      <subfield code="b">ON_SHELF</subfield>
      <subfield code="c">S 590.2 A4 1999</subfield>
      <subfield code="d">BOOK</subfield>
      <subfield code="f">1</subfield>
   </datafield>
   <datafield tag="926" ind1=" " ind2=" ">
      <subfield code="a">OLDS</subfield>
      <subfield code="b">ON_SHELF</subfield>
      <subfield code="c">S 590.2 A4 2000</subfield>
      <subfield code="d">BOOK</subfield>
      <subfield code="f">1</subfield>
   </datafield>
   <datafield tag="926" ind1=" " ind2=" ">
      <subfield code="a">OLDS</subfield>
      <subfield code="b">ON_SHELF</subfield>
      <subfield code="c">S 590.2 A4 2001</subfield>
      <subfield code="d">BOOK</subfield>
      <subfield code="f">1</subfield>
   </datafield>
   <datafield tag="926" ind1=" " ind2=" ">
      <subfield code="a">OLDS</subfield>
      <subfield code="b">ON_SHELF</subfield>
      <subfield code="c">S 590.2 A4 2002</subfield>
      <subfield code="d">BOOK</subfield>
      <subfield code="f">1</subfield>
   </datafield>
   <datafield tag="926" ind1=" " ind2=" ">
      <subfield code="a">OLDS</subfield>
      <subfield code="b">ON_SHELF</subfield>
      <subfield code="c">S 590.2 A4 2003</subfield>
      <subfield code="d">BOOK</subfield>
      <subfield code="f">1</subfield>
   </datafield>
   <datafield tag="926" ind1=" " ind2=" ">
      <subfield code="a">OLDS</subfield>
      <subfield code="b">ON_SHELF</subfield>
      <subfield code="c">S 590.2 A4 2004</subfield>
      <subfield code="d">BOOK</subfield>
      <subfield code="f">1</subfield>
   </datafield>
   <datafield tag="926" ind1=" " ind2=" ">
      <subfield code="a">UABARD</subfield>
      <subfield code="b">ON_SHELF</subfield>
      <subfield code="c">S 599.1 A3 A332 19th 1982</subfield>
      <subfield code="d">BOOK</subfield>
      <subfield code="f">1</subfield>
   </datafield>
   <datafield tag="926" ind1=" " ind2=" ">
      <subfield code="a">UABARD</subfield>
      <subfield code="b">ON_SHELF</subfield>
      <subfield code="c">S 599.1 A3 A332 1962</subfield>
      <subfield code="d">BOOK</subfield>
      <subfield code="f">1</subfield>
   </datafield>
   <datafield tag="926" ind1=" " ind2=" ">
      <subfield code="a">UABARD</subfield>
      <subfield code="b">ON_SHELF</subfield>
      <subfield code="c">S 599.1 A3 A332 1963</subfield>
      <subfield code="d">BOOK</subfield>
      <subfield code="f">1</subfield>
   </datafield>
   <datafield tag="926" ind1=" " ind2=" ">
      <subfield code="a">UABARD</subfield>
      <subfield code="b">ON_SHELF</subfield>
      <subfield code="c">S 599.1 A3 A332 1964</subfield>
      <subfield code="d">BOOK</subfield>
      <subfield code="f">1</subfield>
   </datafield>
   <datafield tag="926" ind1=" " ind2=" ">
      <subfield code="a">UABARD</subfield>
      <subfield code="b">ON_SHELF</subfield>
      <subfield code="c">S 599.1 A3 A332 1965</subfield>
      <subfield code="d">BOOK</subfield>
      <subfield code="f">1</subfield>
   </datafield>
   <datafield tag="926" ind1=" " ind2=" ">
      <subfield code="a">UABARD</subfield>
      <subfield code="b">ON_SHELF</subfield>
      <subfield code="c">S 599.1 A3 A332 1966</subfield>
      <subfield code="d">BOOK</subfield>
      <subfield code="f">1</subfield>
   </datafield>
   <datafield tag="926" ind1=" " ind2=" ">
      <subfield code="a">UABARD</subfield>
      <subfield code="b">ON_SHELF</subfield>
      <subfield code="c">S 599.1 A3 A332 1967</subfield>
      <subfield code="d">BOOK</subfield>
      <subfield code="f">1</subfield>
   </datafield>
   <datafield tag="926" ind1=" " ind2=" ">
      <subfield code="a">UABARD</subfield>
      <subfield code="b">ON_SHELF</subfield>
      <subfield code="c">S 599.1 A3 A332 1968</subfield>
      <subfield code="d">BOOK</subfield>
      <subfield code="f">1</subfield>
   </datafield>
   <datafield tag="926" ind1=" " ind2=" ">
      <subfield code="a">UABARD</subfield>
      <subfield code="b">ON_SHELF</subfield>
      <subfield code="c">S 599.1 A3 A332 1969</subfield>
      <subfield code="d">BOOK</subfield>
      <subfield code="f">1</subfield>
   </datafield>
   <datafield tag="926" ind1=" " ind2=" ">
      <subfield code="a">UABARD</subfield>
      <subfield code="b">ON_SHELF</subfield>
      <subfield code="c">S 599.1 A3 A332 1970</subfield>
      <subfield code="d">BOOK</subfield>
      <subfield code="f">1</subfield>
   </datafield>
   <datafield tag="926" ind1=" " ind2=" ">
      <subfield code="a">UABARD</subfield>
      <subfield code="b">ON_SHELF</subfield>
      <subfield code="c">S 599.1 A3 A332 1971</subfield>
      <subfield code="d">BOOK</subfield>
      <subfield code="f">1</subfield>
   </datafield>
   <datafield tag="926" ind1=" " ind2=" ">
      <subfield code="a">UABARD</subfield>
      <subfield code="b">ON_SHELF</subfield>
      <subfield code="c">S 599.1 A3 A332 1972</subfield>
      <subfield code="d">BOOK</subfield>
      <subfield code="f">1</subfield>
   </datafield>
   <datafield tag="926" ind1=" " ind2=" ">
      <subfield code="a">UABARD</subfield>
      <subfield code="b">ON_SHELF</subfield>
      <subfield code="c">S 599.1 A3 A332 1973</subfield>
      <subfield code="d">BOOK</subfield>
      <subfield code="f">1</subfield>
   </datafield>
   <datafield tag="926" ind1=" " ind2=" ">
      <subfield code="a">UABARD</subfield>
      <subfield code="b">ON_SHELF</subfield>
      <subfield code="c">S 599.1 A3 A332 1974</subfield>
      <subfield code="d">BOOK</subfield>
      <subfield code="f">1</subfield>
   </datafield>
   <datafield tag="926" ind1=" " ind2=" ">
      <subfield code="a">UABARD</subfield>
      <subfield code="b">ON_SHELF</subfield>
      <subfield code="c">S 599.1 A3 A332 1976</subfield>
      <subfield code="d">BOOK</subfield>
      <subfield code="f">1</subfield>
   </datafield>
   <datafield tag="926" ind1=" " ind2=" ">
      <subfield code="a">UABARD</subfield>
      <subfield code="b">ON_SHELF</subfield>
      <subfield code="c">S 599.1 A3 A332 1977</subfield>
      <subfield code="d">BOOK</subfield>
      <subfield code="f">1</subfield>
   </datafield>
   <datafield tag="926" ind1=" " ind2=" ">
      <subfield code="a">UABARD</subfield>
      <subfield code="b">ON_SHELF</subfield>
      <subfield code="c">S 599.1 A3 A332 1979</subfield>
      <subfield code="d">BOOK</subfield>
      <subfield code="f">1</subfield>
   </datafield>
   <datafield tag="926" ind1=" " ind2=" ">
      <subfield code="a">UABARD</subfield>
      <subfield code="b">ON_SHELF</subfield>
      <subfield code="c">S 599.1 A3 A332 1980</subfield>
      <subfield code="d">BOOK</subfield>
      <subfield code="f">1</subfield>
   </datafield>
   <datafield tag="926" ind1=" " ind2=" ">
      <subfield code="a">UABARD</subfield>
      <subfield code="b">ON_SHELF</subfield>
      <subfield code="c">S 599.1 A3 A332 1981</subfield>
      <subfield code="d">BOOK</subfield>
      <subfield code="f">1</subfield>
   </datafield>
   <datafield tag="926" ind1=" " ind2=" ">
      <subfield code="a">UASCITECH</subfield>
      <subfield code="b">ON_SHELF</subfield>
      <subfield code="c">S 599.1 A3 A332 20th 1983</subfield>
      <subfield code="d">BOOK</subfield>
      <subfield code="f">1</subfield>
   </datafield>
   <datafield tag="926" ind1=" " ind2=" ">
      <subfield code="a">UASCITECH</subfield>
      <subfield code="b">ON_SHELF</subfield>
      <subfield code="c">S 599.1 A3 A332 21st 1984</subfield>
      <subfield code="d">BOOK</subfield>
      <subfield code="f">1</subfield>
   </datafield>
   <datafield tag="926" ind1=" " ind2=" ">
      <subfield code="a">UASCITECH</subfield>
      <subfield code="b">ON_SHELF</subfield>
      <subfield code="c">S 599.1 A3 A332 21st 1984</subfield>
      <subfield code="d">BOOK</subfield>
      <subfield code="f">2</subfield>
   </datafield>
   <datafield tag="926" ind1=" " ind2=" ">
      <subfield code="a">UASCITECH</subfield>
      <subfield code="b">ON_SHELF</subfield>
      <subfield code="c">S 599.1 A3 A332 22nd 1985</subfield>
      <subfield code="d">BOOK</subfield>
      <subfield code="f">1</subfield>
   </datafield>
   <datafield tag="926" ind1=" " ind2=" ">
      <subfield code="a">UASCITECH</subfield>
      <subfield code="b">ON_SHELF</subfield>
      <subfield code="c">S 599.1 A3 A332 23rd 1986</subfield>
      <subfield code="d">BOOK</subfield>
      <subfield code="f">1</subfield>
   </datafield>
   <datafield tag="926" ind1=" " ind2=" ">
      <subfield code="a">UASCITECH</subfield>
      <subfield code="b">ON_SHELF</subfield>
      <subfield code="c">S 599.1 A3 A332 24th 1987</subfield>
      <subfield code="d">BOOK</subfield>
      <subfield code="f">1</subfield>
   </datafield>
   <datafield tag="926" ind1=" " ind2=" ">
      <subfield code="a">UASCITECH</subfield>
      <subfield code="b">ON_SHELF</subfield>
      <subfield code="c">S 599.1 A3 A332 25th 1988</subfield>
      <subfield code="d">BOOK</subfield>
      <subfield code="f">1</subfield>
   </datafield>
   <datafield tag="926" ind1=" " ind2=" ">
      <subfield code="a">UASCITECH</subfield>
      <subfield code="b">ON_SHELF</subfield>
      <subfield code="c">S 599.1 A3 A332 26th 1989</subfield>
      <subfield code="d">BOOK</subfield>
      <subfield code="f">1</subfield>
   </datafield>
   <datafield tag="926" ind1=" " ind2=" ">
      <subfield code="a">UASCITECH</subfield>
      <subfield code="b">ON_SHELF</subfield>
      <subfield code="c">S 599.1 A3 A332 27th 1990</subfield>
      <subfield code="d">BOOK</subfield>
      <subfield code="f">1</subfield>
   </datafield>
   <datafield tag="926" ind1=" " ind2=" ">
      <subfield code="a">UASCITECH</subfield>
      <subfield code="b">ON_SHELF</subfield>
      <subfield code="c">S 599.1 A3 A332 28th 1991</subfield>
      <subfield code="d">BOOK</subfield>
      <subfield code="f">1</subfield>
   </datafield>
   <datafield tag="926" ind1=" " ind2=" ">
      <subfield code="a">UASCITECH</subfield>
      <subfield code="b">ON_SHELF</subfield>
      <subfield code="c">S 599.1 A3 A332 29th 1992</subfield>
      <subfield code="d">BOOK</subfield>
      <subfield code="f">1</subfield>
   </datafield>
   <datafield tag="926" ind1=" " ind2=" ">
      <subfield code="a">UASCITECH</subfield>
      <subfield code="b">ON_SHELF</subfield>
      <subfield code="c">S 599.1 A3 A332 30th 1993</subfield>
      <subfield code="d">BOOK</subfield>
      <subfield code="f">1</subfield>
   </datafield>
   <datafield tag="926" ind1=" " ind2=" ">
      <subfield code="a">UASCITECH</subfield>
      <subfield code="b">ON_SHELF</subfield>
      <subfield code="c">S 599.1 A3 A332 31st 1994</subfield>
      <subfield code="d">BOOK</subfield>
      <subfield code="f">1</subfield>
   </datafield>
   <datafield tag="926" ind1=" " ind2=" ">
      <subfield code="a">UASCITECH</subfield>
      <subfield code="b">ON_SHELF</subfield>
      <subfield code="c">S 599.1 A3 A332 32nd 1995</subfield>
      <subfield code="d">BOOK</subfield>
      <subfield code="f">1</subfield>
   </datafield>
   <datafield tag="926" ind1=" " ind2=" ">
      <subfield code="a">UASCITECH</subfield>
      <subfield code="b">ON_SHELF</subfield>
      <subfield code="c">S 599.1 A3 A332 33rd 1996</subfield>
      <subfield code="d">BOOK</subfield>
      <subfield code="f">1</subfield>
   </datafield>
   <datafield tag="926" ind1=" " ind2=" ">
      <subfield code="a">UASCITECH</subfield>
      <subfield code="b">ON_SHELF</subfield>
      <subfield code="c">S 599.1 A3 A332 34th 1997</subfield>
      <subfield code="d">BOOK</subfield>
      <subfield code="f">1</subfield>
   </datafield>
   <datafield tag="926" ind1=" " ind2=" ">
      <subfield code="a">UASCITECH</subfield>
      <subfield code="b">ON_SHELF</subfield>
      <subfield code="c">S 599.1 A3 A332 35th 1998</subfield>
      <subfield code="d">BOOK</subfield>
      <subfield code="f">1</subfield>
   </datafield>
   <datafield tag="926" ind1=" " ind2=" ">
      <subfield code="a">UASCITECH</subfield>
      <subfield code="b">ON_SHELF</subfield>
      <subfield code="c">S 599.1 A3 A332 36th 1999</subfield>
      <subfield code="d">BOOK</subfield>
      <subfield code="f">1</subfield>
   </datafield>
   <datafield tag="926" ind1=" " ind2=" ">
      <subfield code="a">UASCITECH</subfield>
      <subfield code="b">ON_SHELF</subfield>
      <subfield code="c">S 599.1 A3 A332 37th 2000</subfield>
      <subfield code="d">BOOK</subfield>
      <subfield code="f">1</subfield>
   </datafield>
   <datafield tag="926" ind1=" " ind2=" ">
      <subfield code="a">UASCITECH</subfield>
      <subfield code="b">ON_SHELF</subfield>
      <subfield code="c">S 599.1 A3 A332 38th 2001</subfield>
      <subfield code="d">BOOK</subfield>
      <subfield code="f">1</subfield>
   </datafield>
   <datafield tag="926" ind1=" " ind2=" ">
      <subfield code="a">UASCITECH</subfield>
      <subfield code="b">ON_SHELF</subfield>
      <subfield code="c">S 599.1 A3 A332 39th 2002</subfield>
      <subfield code="d">BOOK</subfield>
      <subfield code="f">1</subfield>
   </datafield>
   <datafield tag="926" ind1=" " ind2=" ">
      <subfield code="a">UASCITECH</subfield>
      <subfield code="b">ON_SHELF</subfield>
      <subfield code="c">S 599.1 A3 A332 39th 2002</subfield>
      <subfield code="d">BOOK</subfield>
      <subfield code="f">2</subfield>
   </datafield>
   <datafield tag="926" ind1=" " ind2=" ">
      <subfield code="a">UASCITECH</subfield>
      <subfield code="b">ON_SHELF</subfield>
      <subfield code="c">S 599.1 A3 A332 40th 2003</subfield>
      <subfield code="d">BOOK</subfield>
      <subfield code="f">1</subfield>
   </datafield>
   <datafield tag="926" ind1=" " ind2=" ">
      <subfield code="a">UASCITECH</subfield>
      <subfield code="b">ON_SHELF</subfield>
      <subfield code="c">S 599.1 A3 A332 41st 2004</subfield>
      <subfield code="d">BOOK</subfield>
      <subfield code="f">1</subfield>
   </datafield>
   <datafield tag="926" ind1=" " ind2=" ">
      <subfield code="a">LAKELND_VR</subfield>
      <subfield code="b">ON_SHELF</subfield>
      <subfield code="c">S 599.1 A3 A332 1977</subfield>
      <subfield code="d">BOOK</subfield>
      <subfield code="f">1</subfield>
   </datafield>
   <datafield tag="926" ind1=" " ind2=" ">
      <subfield code="a">LAKELND_VR</subfield>
      <subfield code="b">ON_SHELF</subfield>
      <subfield code="c">S 599.1 A3 A332 1979</subfield>
      <subfield code="d">BOOK</subfield>
      <subfield code="f">1</subfield>
   </datafield>
   <datafield tag="926" ind1=" " ind2=" ">
      <subfield code="a">LAKELND_VR</subfield>
      <subfield code="b">ON_SHELF</subfield>
      <subfield code="c">S 599.1 A3 A332 1980</subfield>
      <subfield code="d">BOOK</subfield>
      <subfield code="f">1</subfield>
   </datafield>
   <datafield tag="926" ind1=" " ind2=" ">
      <subfield code="a">LAKELND_VR</subfield>
      <subfield code="b">ON_SHELF</subfield>
      <subfield code="c">S 599.1 A3 A332 1981</subfield>
      <subfield code="d">BOOK</subfield>
      <subfield code="f">1</subfield>
   </datafield>
   <datafield tag="926" ind1=" " ind2=" ">
      <subfield code="a">LAKELND_VR</subfield>
      <subfield code="b">ON_SHELF</subfield>
      <subfield code="c">S 599.1 A3 A332 1982</subfield>
      <subfield code="d">BOOK</subfield>
      <subfield code="f">1</subfield>
   </datafield>
   <datafield tag="926" ind1=" " ind2=" ">
      <subfield code="a">LAKELND_VR</subfield>
      <subfield code="b">ON_SHELF</subfield>
      <subfield code="c">S 599.1 A3 A332 1983</subfield>
      <subfield code="d">BOOK</subfield>
      <subfield code="f">1</subfield>
   </datafield>
   <datafield tag="926" ind1=" " ind2=" ">
      <subfield code="a">LAKELND_VR</subfield>
      <subfield code="b">ON_SHELF</subfield>
      <subfield code="c">S 599.1 A3 A332 1985</subfield>
      <subfield code="d">BOOK</subfield>
      <subfield code="f">1</subfield>
   </datafield>
   <datafield tag="926" ind1=" " ind2=" ">
      <subfield code="a">LAKELND_VR</subfield>
      <subfield code="b">ON_SHELF</subfield>
      <subfield code="c">S 599.1 A3 A332 1986</subfield>
      <subfield code="d">BOOK</subfield>
      <subfield code="f">1</subfield>
   </datafield>
   <datafield tag="926" ind1=" " ind2=" ">
      <subfield code="a">LAKELND_VR</subfield>
      <subfield code="b">ON_SHELF</subfield>
      <subfield code="c">S 599.1 A3 A332 1987</subfield>
      <subfield code="d">BOOK</subfield>
      <subfield code="f">1</subfield>
   </datafield>
   <datafield tag="926" ind1=" " ind2=" ">
      <subfield code="a">LAKELND_VR</subfield>
      <subfield code="b">ON_SHELF</subfield>
      <subfield code="c">S 599.1 A3 A332 1988</subfield>
      <subfield code="d">BOOK</subfield>
      <subfield code="f">1</subfield>
   </datafield>
   <datafield tag="926" ind1=" " ind2=" ">
      <subfield code="a">LAKELND_VR</subfield>
      <subfield code="b">ON_SHELF</subfield>
      <subfield code="c">S 599.1 A3 A332 1989</subfield>
      <subfield code="d">BOOK</subfield>
      <subfield code="f">1</subfield>
   </datafield>
   <datafield tag="926" ind1=" " ind2=" ">
      <subfield code="a">LAKELND_VR</subfield>
      <subfield code="b">ON_SHELF</subfield>
      <subfield code="c">S 599.1 A3 A332 1990</subfield>
      <subfield code="d">BOOK</subfield>
      <subfield code="f">1</subfield>
   </datafield>
   <datafield tag="926" ind1=" " ind2=" ">
      <subfield code="a">LAKELND_VR</subfield>
      <subfield code="b">ON_SHELF</subfield>
      <subfield code="c">S 599.1 A3 A332 1991</subfield>
      <subfield code="d">BOOK</subfield>
      <subfield code="f">1</subfield>
   </datafield>
   <datafield tag="926" ind1=" " ind2=" ">
      <subfield code="a">LAKELND_VR</subfield>
      <subfield code="b">ON_SHELF</subfield>
      <subfield code="c">S 599.1 A3 A332 1992</subfield>
      <subfield code="d">BOOK</subfield>
      <subfield code="f">1</subfield>
   </datafield>
   <datafield tag="926" ind1=" " ind2=" ">
      <subfield code="a">LAKELND_VR</subfield>
      <subfield code="b">ON_SHELF</subfield>
      <subfield code="c">S 599.1 A3 A332 1993</subfield>
      <subfield code="d">BOOK</subfield>
      <subfield code="f">1</subfield>
   </datafield>
   <datafield tag="926" ind1=" " ind2=" ">
      <subfield code="a">LAKELND_VR</subfield>
      <subfield code="b">ON_SHELF</subfield>
      <subfield code="c">S 599.1 A3 A332 1994</subfield>
      <subfield code="d">BOOK</subfield>
      <subfield code="f">1</subfield>
   </datafield>
   <datafield tag="926" ind1=" " ind2=" ">
      <subfield code="a">LAKELND_VR</subfield>
      <subfield code="b">ON_SHELF</subfield>
      <subfield code="c">S 599.1 A3 A332 1995</subfield>
      <subfield code="d">BOOK</subfield>
      <subfield code="f">1</subfield>
   </datafield>
   <datafield tag="926" ind1=" " ind2=" ">
      <subfield code="a">LAKELND_VR</subfield>
      <subfield code="b">ON_SHELF</subfield>
      <subfield code="c">S 599.1 A3 A332 1996</subfield>
      <subfield code="d">BOOK</subfield>
      <subfield code="f">1</subfield>
   </datafield>
   <datafield tag="926" ind1=" " ind2=" ">
      <subfield code="a">LAKELND_VR</subfield>
      <subfield code="b">ON_SHELF</subfield>
      <subfield code="c">S 599.1 A3 A332 1997</subfield>
      <subfield code="d">BOOK</subfield>
      <subfield code="f">1</subfield>
   </datafield>
   <datafield tag="926" ind1=" " ind2=" ">
      <subfield code="a">LAKELND_VR</subfield>
      <subfield code="b">ON_SHELF</subfield>
      <subfield code="c">S 599.1 A3 A332 1998</subfield>
      <subfield code="d">BOOK</subfield>
      <subfield code="f">1</subfield>
   </datafield>
   <datafield tag="926" ind1=" " ind2=" ">
      <subfield code="a">LAKELND_VR</subfield>
      <subfield code="b">ON_SHELF</subfield>
      <subfield code="c">S 599.1 A3 A332 1999</subfield>
      <subfield code="d">BOOK</subfield>
      <subfield code="f">1</subfield>
   </datafield>
   <datafield tag="926" ind1=" " ind2=" ">
      <subfield code="a">LAKELND_VR</subfield>
      <subfield code="b">ON_SHELF</subfield>
      <subfield code="c">S 599.1 A3 A332 2000</subfield>
      <subfield code="d">BOOK</subfield>
      <subfield code="f">1</subfield>
   </datafield>
   <datafield tag="926" ind1=" " ind2=" ">
      <subfield code="a">LAKELND_VR</subfield>
      <subfield code="b">ON_SHELF</subfield>
      <subfield code="c">S 599.1 A3 A332 2001</subfield>
      <subfield code="d">BOOK</subfield>
      <subfield code="f">1</subfield>
   </datafield>
   <datafield tag="926" ind1=" " ind2=" ">
      <subfield code="a">LAKELND_VR</subfield>
      <subfield code="b">ON_SHELF</subfield>
      <subfield code="c">S 599.1 A3 A332 2002</subfield>
      <subfield code="d">BOOK</subfield>
      <subfield code="f">1</subfield>
   </datafield>
   <datafield tag="926" ind1=" " ind2=" ">
      <subfield code="a">LAKELND_VR</subfield>
      <subfield code="b">ON_SHELF</subfield>
      <subfield code="c">S 599.1 A3 A332 2003</subfield>
      <subfield code="d">BOOK</subfield>
      <subfield code="f">1</subfield>
   </datafield>
   <datafield tag="926" ind1=" " ind2=" ">
      <subfield code="a">LAKELND_VR</subfield>
      <subfield code="b">ON_SHELF</subfield>
      <subfield code="c">S 599.1 A3 A332 2004</subfield>
      <subfield code="d">BOOK</subfield>
      <subfield code="f">1</subfield>
   </datafield>
   <datafield tag="927" ind1=" " ind2=" ">
      <subfield code="a">AGL_GWL</subfield>
   </datafield>
   <datafield tag="927" ind1=" " ind2=" ">
      <subfield code="b">Location</subfield>
      <subfield code="c">ON_SHELF-- S 590 A334</subfield>
   </datafield>
   <datafield tag="927" ind1=" " ind2=" ">
      <subfield code="b">Library has</subfield>
      <subfield code="c">1967-1968,1971-1972,1977,1979,1981-1983,1987-2005,2007-</subfield>
   </datafield>
   <datafield tag="927" ind1=" " ind2=" ">
      <subfield code="a">AITF_VEG</subfield>
   </datafield>
   <datafield tag="927" ind1=" " ind2=" ">
      <subfield code="b">Location</subfield>
      <subfield code="c">ON_SHELF-- S 590 A333</subfield>
   </datafield>
   <datafield tag="927" ind1=" " ind2=" ">
      <subfield code="b">Library has</subfield>
      <subfield code="c">1976, 1981-1992, 1994-2000</subfield>
   </datafield>
   <datafield tag="927" ind1=" " ind2=" ">
      <subfield code="a">LAKELND_VR</subfield>
   </datafield>
   <datafield tag="927" ind1=" " ind2=" ">
      <subfield code="b">Location</subfield>
      <subfield code="c">ON_SHELF-- S 599.1 A3 A332</subfield>
   </datafield>
   <datafield tag="927" ind1=" " ind2=" ">
      <subfield code="b">Library has</subfield>
      <subfield code="c">1977,1980-1983,1985-</subfield>
   </datafield>
   <datafield tag="927" ind1=" " ind2=" ">
      <subfield code="a">OLDS</subfield>
   </datafield>
   <datafield tag="927" ind1=" " ind2=" ">
      <subfield code="b">Location</subfield>
      <subfield code="c">ON_SHELF-- S 590.2 A4</subfield>
   </datafield>
   <datafield tag="927" ind1=" " ind2=" ">
      <subfield code="b">Library has</subfield>
      <subfield code="c">1964-1968, 1970-1974, 1976, 1977, 1979-2004</subfield>
   </datafield>
   <datafield tag="927" ind1=" " ind2=" ">
      <subfield code="a">UASCITECH</subfield>
   </datafield>
   <datafield tag="927" ind1=" " ind2=" ">
      <subfield code="b">Location</subfield>
      <subfield code="c">ON_SHELF-- S 599.1 A3 A332</subfield>
   </datafield>
   <datafield tag="927" ind1=" " ind2=" ">
      <subfield code="b">Library has</subfield>
      <subfield code="c">1962-1974,1976-1977,1979-1981;19th (1982)-</subfield>
   </datafield>
</record>
